@article{greenwade93,
    author  = "George D. Greenwade",
    title   = "The {C}omprehensive {T}ex {A}rchive {N}etwork ({CTAN})",
    year    = "1993",
    journal = "TUGBoat",
    volume  = "14",
    number  = "3",
    pages   = "342--351"
}

@Book{Bishop2006,
  author    = {Christopher M. Bishop},
  editor    = {Michael Jordan and Jon Kleinberg and Bernard Scholkopf},
  publisher = {Springer},
  title     = {Pattern Recognition and Machine Learning},
  year      = {2006},
  address   = {New York, NY},
  edition   = {1},
  isbn      = {0-387-31073-8},
  series    = {Information Science and Statistics},
  pagetotal = {758},
  ppn_gvk   = {1777667275},
}

@Book{DeGroot2012,
  author    = {Morris H. DeGroot and Mark J. Schervish},
  editor    = {Deirdre Lynch and Christopher Cummings and Leah Goldberg and Dana Jones Bettez and Christina Lepre and Karen Wernholm},
  publisher = {Pearson Education},
  title     = {Probability and Statistics},
  year      = {2012},
  address   = {Boston, Mass. [u.a.]},
  edition   = {4. ed.},
  isbn      = {0-321-50046-6},
  note      = {Includes bibliographical references and index},
  pagetotal = {893},
  ppn_gvk   = {617737622},
}

@TechReport{lista1,
  author      = {Vivian de Carvalho Rodrigues},
  institution = {COPPE/UFRJ},
  title       = {COE782 Lista 1},
  year        = {2025},
}

@Comment{jabref-meta: databaseType:bibtex;}
